@MISC{OnlineVideoBandwagon,
   author =       {Suglin, Tim},
   title =        {Online Video Jumps on the Big Data Bandwagon},
   editor =       {streamingmedia.com},
   month =        {August},
   year =         {2013},
   howpublished = "\url{http://www.streamingmedia.com/Articles/Editorial/Featured-Articles/Online-Video-Jumps-on-the-Big-Data-Bandwagon-91353.aspx}",
   note =         {[Online; posted August/September 2013]},
 }
