@MISC{OnlineVideoBandwagon,
 author =       {Tim Siglin},
 title =        {Online Video Jumps on the Big Data Bandwagon},
 editor =       {streamingmedia.com},
 month =        {August},
 year =         {2013},
 howpublished = "\url{ http://www.streamingmedia.com/Articles/ReadArticle.aspx?ArticleID=91353&PageNum=2}",
 note =         {[Online; posted August/September 2013]},
}

@MISC{MPEGDASH,
  author =       {Ozer, Jan},
  title =        {What is MPEG DASH?},
  editor =       {streamingmedia.com},
  month =        {November},
  year =         {2011},
  howpublished = "\url{http://www.streamingmedia.com/Articles/Editorial/What-Is-.../What-is-MPEG-DASH-79041.aspx}",
  note =         {[Online; posted November 2011]},
}

@misc{ wiki:dcache,
   author = "Wikipedia",
   title = "Distributed cache",
   year = "2015",
   howpublished = "\url{https://en.wikipedia.org/w/index.php?title=Distributed_cache&oldid=681699661}",
   note = "[Online; accessed November 2015]"
 }
@misc{ azure:distributed,
  author = "Rick Anderson and Tom Dykstra and Mike Wasson",
  title = "Distributed Caching  (Building Real-World Cloud Apps with Azure)",
  year = "2015",
  howpublished = "\url{http://www.asp.net/aspnet/overview/developing-apps-with-windows-azure/building-real-world-cloud-apps-with-windows-azure/distributed-caching}",
  note = "[Online; accessed November 2015]"
}

@misc{ webopedia:cdn,
  author = "Vangie Beal",
  title = "What is Content Delivery Network (CDN)? Webopedia",
  year = "2015",
  howpublished = "\url{http://www.webopedia.com/TERM/C/CDN.html}",
  note = "[Online; accessed November 2015]"
}

@misc{ hwu:procon,
  author = "Heriot-Watt University",
  title = "Pros and Cons of Web Caching",
  howpublished = "\url{http://www.macs.hw.ac.uk/~hamish/3NI/topic172.html}",
  note = "[Online; accessed November 2015]"
}

@misc{ citrix:caching,
  author = "Citrix",
  title = "What is Caching?",
  howpublished = "\url{https://www.citrix.com/glossary/caching.html}",
  note = "[Online; accessed November 2015]"
}

@misc{ ats:caching,
  author = "Apache Traffic Server Documentation",
  title = "HTTP Proxy Caching",
  howpublished = "\url{http://trafficserver.readthedocs.org/en/latest/admin/http-proxy-caching.en.html}",
  note = "[Online; accessed November 2015]"
}

@misc{ expandedramblings:stats,
  author = "Craig Smith",
  title = "120 Amazing YouTube Statistics",
  howpublished = "\url{http://expandedramblings.com/index.php/youtube-statistics/}",
  note = "[Online; accessed November 2015]"
}


@misc{ techopedia:weighing,
  author = "Kaushik Pal",
  title = "Weighing the Pros and Cons of Real-Time Big Data Analytics",
  howpublished = "\url{https://www.techopedia.com/2/31245/technology-trends/big-data/weighing-the-pros-and-cons-of-real-time-big-data-analytics}",
  note = "[Online; accessed November 2015]"
}

@book{Mayer-Schnberger:2013:BDR:2588165,
 author = {Mayer-Schnberger, Viktor},
 title = {Big Data: A Revolution That Will Transform How We Live, Work and Think. Viktor Mayer-Schnberger and Kenneth Cukier},
 year = {2013},
 isbn = {1848547927, 9781848547926},
 publisher = {John Murray Publishers},
 address = {UK},
} 
